<?xml version="1.0" encoding="UTF-8"?><record xmlns="http://www.loc.gov/MARC21/slim" xmlns:cinclude="http://apache.org/cocoon/include/1.0" xmlns:zs="http://www.loc.gov/zing/srw/">
  <leader>01373nz  a2200169n  4500</leader>
  <controlfield tag="001">n 2015012399</controlfield>
  <controlfield tag="003">DLC</controlfield>
  <controlfield tag="005">20150225154423.0</controlfield>
  <controlfield tag="008">150225n| azannaabn          |n aaa      </controlfield>
  <datafield tag="010" ind1=" " ind2=" ">
    <subfield code="a">n 2015012399</subfield>
  </datafield>
  <datafield tag="040" ind1=" " ind2=" ">
    <subfield code="a">DLC</subfield>
    <subfield code="b">eng</subfield>
    <subfield code="e">rda</subfield>
    <subfield code="c">DLC</subfield>
  </datafield>
  <datafield tag="100" ind1="1" ind2=" ">
    <subfield code="a">D'Orsi, Cristiano</subfield>
  </datafield>
  <datafield tag="372" ind1=" " ind2=" ">
    <subfield code="a">Law</subfield>
    <subfield code="2">lcsh</subfield>
  </datafield>
  <datafield tag="375" ind1=" " ind2=" ">
    <subfield code="a">male</subfield>
  </datafield>
  <datafield tag="670" ind1=" " ind2=" ">
    <subfield code="a">Asylum-seeker and refugee protection in sub-saharan Africa, 2015:</subfield>
    <subfield code="b">ECIP t.p. (Cristiano d'Orsi)</subfield>
  </datafield>
  <datafield tag="670" ind1=" " ind2=" ">
    <subfield code="a">Routledge website, viewed Feb. 25, 2015</subfield>
    <subfield code="b">author bio for Asylum-seeker.... ("Cristiano d'Orsi has a Ph.D. in International Relations-International Law from the Graduate Institute of International and Development Studies, Geneva, Switzerland")</subfield>
  </datafield>
  <datafield tag="670" ind1=" " ind2=" ">
    <subfield code="a">Center for Human Rights, University of Pretoria website, viewed Feb. 25, 2015</subfield>
    <subfield code="b">("Dr Cristiano d'Orsi, Laurea (BA (Hon) equivalent, International Relations, UniversitaĚ degli Studi di Perugia, Perugia), Master's Degree (Diplomatic Studies, Italian Society for International Organization, Rome), DiploĚme d'Etudes Approfondies (Master of Advanced Studies equivalent, International Relations (International Law), Graduate Institute for International and Development Studies, Geneva), Ph.D. (International Relations (International Law), Graduate Institute for international and Development Studies, Geneva), Post-Doctoral Fellow, Centre for Human Rights, Faculty of Law, University of Pretoria)</subfield>
  </datafield>
</record>